@book{Jylanki,
    author = {Jukka Jylänki},
    title = {A thousand ways to pack the bin - a practical approach to two-dimensional rectangle bin packing },
    url={http://citeseerx.ist.psu.edu/viewdoc/summary?doi=10.1.1.695.2918},
    year = {2010}
}

@misc{skyline,
    url={http://www.zrzahid.com/the-skyline-problem},
    title={The Skyline Problem},
    author={Zahid Rahman},
    year = {2015}
}

@misc{cellar,
    url={https://gamedevelopment.tutsplus.com/tutorials/generate-random-cave-levels-using-cellular-automata--gamedev-9664},
    title={Generate Random Cave Levels Using Cellular Automata},
    author={Michael Cook},
    year={2013}
}

@misc{bsp,
    url={https://gamedevelopment.tutsplus.com/tutorials/how-to-use-bsp-trees-to-generate-game-maps--gamedev-12268},
    title={How to Use BSP Trees to Generate Game Maps},
    author={Timothy Hely},
    year={2017}
}

@book{da,
    url={https://www.researchgate.net/publication/48410377_Development_of_Vertex_Finding_and_Vertex_Fitting_Algorithms_for_CMS},
    title={Development of Vertex Finding and Vertex Fitting Algorithms for CMS},
    author={Wolfgang Waltenberger},
    year={2004}
}

@misc{tunnel,
    url={https://habr.com/ru/post/255775},
    title={Алгоритмы интеллектуальной автогенерации уровней},
    year={2015}
}

@misc{room,
    url={https://www.gamasutra.com/blogs/AAdonaac/20150903/252889/Procedural_Dungeon_Generation_Algorithm.php},
    title={Procedural Dungeon Generation Algorithm},
    year={2015},
    author={A. Adonaac}
}

@book{esa_old,
    url={http://www.theesa.com/wp-content/uploads/2014/10/ESA_EF_2014.pdf},
    title={Essential Facts About the Computer and Video Game Industry},
    author={Entertainment Software Association},
    year={2019}
}

@book{esa,
    url={https://www.theesa.com/wp-content/uploads/2019/05/ESA_Essential_facts_2019_final.pdf},
    title={Essential Facts About the Computer and Video Game Industry},
    author={Entertainment Software Association},
    year={2019}
}

@book{pixel,
    url={http://research.cs.rutgers.edu/~timgerst/files/gerstner12.pdf},
    title={Pixelated Image Abstraction},
    year={2012},
    author={Timothy Gerstner}
}

@misc{unity,
  author={Unity 5.3 Documentation},
  title={Упаковщик спрайтов (Sprite Packer)},
  year=2015,
  url={https://docs.unity3d.com/ru/current/Manual/SpritePacker.html}
}

@misc{civi,
    url={https://ru.wikipedia.org/wiki/Civilization_(серия)},
    title={Civilization (серия)},
    author={Wikipedia}
}

@misc{sonic,
    url={https://ru.wikipedia.org/wiki/Sonic_the_Hedgehog},
    title={Sonic the Hedgehog},
    author={Wikipedia}
}

@book{slic,
    url={http://davidstutz.de/wordpress/wp-content/uploads/2014/09/thesis.pdf},
    title={Superpixel Segmentation Using Depth Information},
    year={2014},
    author={David Stutz}
}

